 
@inproceedings{DBLP:conf/types/LuoL03,
  author    = {Yong Luo and
               Zhaohui Luo},
  title     = {Combining Incoherent Coercions for Sigma-Types.},
  booktitle = {TYPES},
  year      = {2003},
  pages     = {276-292},
  ee        = {http://springerlink.metapress.com/openurl.asp?genre=article{\&}issn=0302-9743{\&}volume=3085{\&}spage=276},
  crossref  = {DBLP:conf/types/2003},
  bibsource = {DBLP, http://dblp.uni-trier.de}
}

@proceedings{DBLP:conf/types/2003,
  editor    = {Stefano Berardi and
               Mario Coppo and
               Ferruccio Damiani},
  title     = {Types for Proofs and Programs, International Workshop, TYPES
               2003, Torino, Italy, April 30 - May 4, 2003, Revised Selected
               Papers},
  booktitle = {TYPES},
  publisher = {Springer},
  series    = {Lecture Notes in Computer Science},
  volume    = {3085},
  year      = {2004},
  isbn      = {3-540-22164-6},
  bibsource = {DBLP, http://dblp.uni-trier.de}
}
