@article{ rushby98subtypes,
    author = "John M. Rushby and Sam Owre and Natarajan Shankar",
    title = "Subtypes for Specifications: Predicate Subtyping in {PVS}",
    journal = "Software Engineering",
    volume = "24",
    number = "9",
    pages = "709--720",
    year = "1998",
    url = "citeseer.ist.psu.edu/rushby98subtype.html" }
