
@inproceedings{DBLP:conf/mpc/Parent95,
  author    = {Catherine Parent},
  title     = {Synthesizing Proofs from Programs in the Calculus of Inductive
               Constructions.},
  booktitle = {MPC},
  year      = {1995},
  pages     = {351-379},
  crossref  = {DBLP:conf/mpc/1995},
  bibsource = {DBLP, http://dblp.uni-trier.de}
}
 
@proceedings{DBLP:conf/mpc/1995,
  editor    = {Bernhard M{\"o}ller},
  title     = {Mathematics of Program Construction, MPC'95, Kloster Irsee,
               Germany, July 17-21, 1995, Proceedings},
  booktitle = {MPC},
  publisher = {Springer},
  series    = {Lecture Notes in Computer Science},
  volume    = {947},
  year      = {1995},
  isbn      = {3-540-60117-1},
  bibsource = {DBLP, http://dblp.uni-trier.de}
}
